@Book{Ejemplo1:1989,
  author ={M. DeGroot},
  title ={Probability and Statistics},
  edition={2nd},
  publisher ={Addison Wesley},
  year ={1989},
}

@inproceedings{Ejemplo2:1993,
  author =   {N. Gordon and D. Salmon and A. Smith},
  title =    {A Novel Approach to Nonlinear/Non {Gaussian} {Bayesian} State Estimation},
  booktitle ={IEE Proc. on Radar and Signal Processing},
  year =     {1993},
  pages={107-113},
}

@Book{,
  author =
  title =
  edition=
  publisher =
  address =
  year =
}

@techreport{,
  author =
  title =
  institution =
  year =
  type=
  number=
  address=
  month=
  note=
}

@article{,
  author =
  title =
  journal =
  year =
  volume=
  number=
  pages=
  month=
  note=
}

@conference{
  author =
  title =
  booktitle =
  year =
  editor=
  volume=
  number=
  series=
  pages=
  address=
  month=
  organization=
  publisher=
  note=
}

@inproceedings{s,
  author =   {}
  title =    {}
  booktitle =
  year =     {}
  editor=
  volume=
  number=
  series=
  pages=
  address=
  month=
  organization=
  publisher=
  note=
}

@phdthesis{,
  author =   {}
  title =    {}
  school =
  year =     {}
  type=
  address=
  month=
  note=
}

@mastersthesis{
  author =   {}
  title =    {}
  school =
  year =     {}
  type=
  address=
  month=
  note=
}

@article{,
  author =   {},
  title =    {},
  journal = {},
  year =     {},
  volume=  {},
  pages={},
}
